
@ARTICLE{vanRaden2008,
  author = {P.M. {vanRaden}},
  title = { Efficient methods to compute genomic predictions},
  journal = {Journal of Dairy Science},
  year = {2008},
  volume = {91},
  pages = {4414--4423},
}
